@article{stall,
  title   = {Angle of Attack},
  journal = {The Aviation Online History Museum},
  date    = {2015-06-01},
  url     = {http://www.aviation-history.com/theory/angle_of_attack.htm}
}
